<record><leader>00000cas a22000007a 4500</leader><controlfield tag="001">9715058</controlfield><controlfield tag="008">830719d19831983inuwr ne      0   a0eng d</controlfield><controlfield tag="009">467</controlfield><datafield ind1=" " ind2=" " tag="010"><subfield code="a">sn 83008173 </subfield></datafield><datafield ind1=" " ind2=" " tag="040"><subfield code="a">NSD</subfield><subfield code="b">eng</subfield><subfield code="c">NSD</subfield><subfield code="d">NPI</subfield><subfield code="d">OCLCQ</subfield></datafield><datafield ind1=" " ind2=" " tag="012"><subfield code="m">d</subfield></datafield><datafield ind1="1" ind2=" " tag="022"><subfield code="a">0746-0562</subfield><subfield code="l">0746-0562</subfield><subfield code="2">1</subfield></datafield><datafield ind1=" " ind2=" " tag="032"><subfield code="a">304920</subfield><subfield code="b">USPS</subfield></datafield><datafield ind1=" " ind2=" " tag="042"><subfield code="a">nsdp</subfield></datafield><datafield ind1=" " ind2="0" tag="222"><subfield code="a">Forum-review</subfield></datafield><datafield ind1="0" ind2="0" tag="245"><subfield code="a">Forum-review.</subfield></datafield><datafield ind1="1" ind2="0" tag="246"><subfield code="a">Forum review</subfield></datafield><datafield ind1="1" ind2="7" tag="246"><subfield code="a">Forum-review of south Madison County</subfield></datafield><datafield ind1=" " ind2=" " tag="260"><subfield code="a">Pendleton, Ind. :</subfield><subfield code="b">James V. Carroll,</subfield><subfield code="c">1983.</subfield></datafield><datafield ind1=" " ind2=" " tag="300"><subfield code="a">v. :</subfield><subfield code="b">ill.</subfield></datafield><datafield ind1=" " ind2=" " tag="310"><subfield code="a">Weekly</subfield></datafield><datafield ind1="0" ind2=" " tag="362"><subfield code="a">Vol. 1, no. 1 (June 16, 1983)-v. 45, no. 40 (Sept. 1, 1983).</subfield></datafield><datafield ind1=" " ind2=" " tag="515"><subfield code="a">June 23, 1983 issue is numbered Vol. 1, no. 2; June 30, 1983 issue is numbered Vol. 45, no. 33.</subfield></datafield><datafield ind1=" " ind2=" " tag="752"><subfield code="a">United States</subfield><subfield code="b">Indiana</subfield><subfield code="c">Madison</subfield><subfield code="d">Pendleton.</subfield></datafield><datafield ind1="0" ind2="4" tag="780"><subfield code="t">South Madison County forum</subfield><subfield code="w">(DLC)sn 86058425</subfield></datafield><datafield ind1="0" ind2="4" tag="780"><subfield code="t">Lapel review (Lapel, Ind.)</subfield><subfield code="w">(DLC)sn 86058339</subfield></datafield><datafield ind1="0" ind2="0" tag="785"><subfield code="t">Lapel review (Anderson, Ind.)</subfield><subfield code="w">(DLC)sn 83004719</subfield><subfield code="x">0746-388X</subfield></datafield></record>